@phdthesis{ofirpelethesis,
	author = {Ofir Pele},
	title = {Distance Functions: Theory, Algorithms and Applications},
	school={The Hebrew University of Jerusalem},
	year = {2011}
}

@article{SGD,
	author = "Bottou L.",
	title = "Large-Scale Machine Learning with Stochastic Gradient Descent",
	journal = "Springer",
	year = 2010
}
@InProceedings{c2lm,
	author = {Zantedeschi, Valentina and Emonet, Remi and Sebban, Marc},
	title = {Metric Learning as Convex Combinations of Local Models With Generalization Guarantees},
	booktitle = {The IEEE Conference on Computer Vision and Pattern Recognition (CVPR)},
	month = {June},
	year = {2016}
}

@Misc{munsell,
	author = {Munsell, A.H.},
	title = {A pigment color system and notation},
	journal = {The American Journal of Psychology},
	year = {1912},
}

@article{perp_color,
author = "Perrot M., Habrard A., Muselet D.",
title = "Modeling Perceptual Color Differences by Local Metric Learning",
journal = "Springer",
year = "2014"
}

@Misc{farnsworth_set,
author = {Farnsworth, D},
title = {farnsworth dataset},
date = {1943},
url = {https://www.uef.fi/en/web/spectral/spectral-database},
}

@article{farnsworth,
	title={The Farnsworth-Munsell 100-hue and dichotomous tests for color vision},
	author={Nickerson, Dorothy and Granville, Walter C and Opt, J},
	journal={J. opt},
	year={1943}
}

@InProceedings{cross_val,
	title={A study of cross-validation and bootstrap for accuracy estimation and model selection},
	author={Kohavi, Ron and others},
	booktitle={Ijcai},
	volume={14},
	pages={1137--1145},
	year={1995},
	organization={Stanford, CA}
}

@article{kmeans,
	title={Algorithm AS 136: A k-means clustering algorithm},
	author={Hartigan, John A and Wong, Manchek A},
	journal={Journal of the Royal Statistical Society. Series C (Applied Statistics)},
	volume={28},
	number={1},
	pages={100--108},
	year={1979},
	publisher={JSTOR}
}

@article{CIELAB,
	title={A spatial extension of CIELAB for digital color-image reproduction},
	author={Zhang, Xuemei and Wandell, Brian A},
	journal={Journal of the Society for Information Display},
	volume={5},
	number={1},
	pages={61--63},
	year={1997},
	publisher={Wiley Online Library}
}

@article{MAE,
	title={Advantages of the mean absolute error (MAE) over the root mean square error (RMSE) in assessing average model performance},
	author={Willmott, Cort J and Matsuura, Kenji},
	journal={Climate research},
	volume={30},
	number={1},
	pages={79--82},
	year={2005}
}

@article{quicksort,
	title={Quicksort},
	author={Hoare, Charles AR},
	journal={The Computer Journal},
	volume={5},
	number={1},
	pages={10--16},
	year={1962},
	publisher={Br Computer Soc}
}

@article{mergesort,
	title={Parallel merge sort},
	author={Cole, Richard},
	journal={SIAM Journal on Computing},
	volume={17},
	number={4},
	pages={770--785},
	year={1988},
	publisher={SIAM}
}

@Misc{bcc,
	title={Appendix-projective geometry for machine vision},
	author={Mundy, Joseph L and Zisserman, Andrew},
	year={1992},
	publisher={Citeseer}
}

@inproceedings{RGB,
	title={Segmentation and histogram generation using the HSV color space for image retrieval},
	author={Sural, Shamik and Qian, Gang and Pramanik, Sakti},
	booktitle={Image Processing. 2002. Proceedings. 2002 International Conference on},
	volume={2},
	pages={II--II},
	year={2002},
	organization={IEEE}
}

@inproceedings{lab,
	title={Bilateral filtering for gray and color images},
	author={Tomasi, Carlo and Manduchi, Roberto},
	booktitle={Computer Vision, 1998. Sixth International Conference on},
	pages={839--846},
	year={1998},
	organization={IEEE}
}

@article{sippl1986cayley,
	title={Cayley-menger coordinates},
	author={Sippl, Manfred J and Scheraga, Harold A},
	journal={Proceedings of the National Academy of Sciences},
	volume={83},
	number={8},
	pages={2283--2287},
	year={1986},
	publisher={National Acad Sciences}
}

@book{trefethen1997numerical,
	title={Numerical linear algebra},
	author={Trefethen, Lloyd N and Bau III, David},
	volume={50},
	year={1997},
	publisher={Siam}
}

@article{danielsson1980euclidean,
	title={Euclidean distance mapping},
	author={Danielsson, Per-Erik},
	journal={Computer Graphics and image processing},
	volume={14},
	number={3},
	pages={227--248},
	year={1980},
	publisher={Elsevier}
}

@article{de2000mahalanobis,
	title={The mahalanobis distance},
	author={De Maesschalck, Roy and Jouan-Rimbaud, Delphine and Massart, D{\'e}sir{\'e} L},
	journal={Chemometrics and intelligent laboratory systems},
	volume={50},
	number={1},
	pages={1--18},
	year={2000},
	publisher={Elsevier}
}

@article{lecun2015deep,
	title={Deep learning},
	author={LeCun, Yann and Bengio, Yoshua and Hinton, Geoffrey},
	journal={Nature},
	volume={521},
	number={7553},
	pages={436--444},
	year={2015},
	publisher={Nature Research}
}

@article{brown2007automatic,
	title={Automatic panoramic image stitching using invariant features},
	author={Brown, Matthew and Lowe, David G},
	journal={International journal of computer vision},
	volume={74},
	number={1},
	pages={59--73},
	year={2007},
	publisher={Springer}
}

@article{weinberger2009distance,
	title={Distance metric learning for large margin nearest neighbor classification},
	author={Weinberger, Kilian Q and Saul, Lawrence K},
	journal={Journal of Machine Learning Research},
	volume={10},
	number={Feb},
	pages={207--244},
	year={2009}
}

@inproceedings{chopra2005learning,
	title={Learning a similarity metric discriminatively, with application to face verification},
	author={Chopra, Sumit and Hadsell, Raia and LeCun, Yann},
	booktitle={Computer Vision and Pattern Recognition, 2005. CVPR 2005. IEEE Computer Society Conference on},
	volume={1},
	pages={539--546},
	year={2005},
	organization={IEEE}
}


@article{suykens1999least,
	title={Least squares support vector machine classifiers},
	author={Suykens, Johan AK and Vandewalle, Joos},
	journal={Neural processing letters},
	volume={9},
	number={3},
	pages={293--300},
	year={1999},
	publisher={Springer}
}


@inproceedings{shalev2004online,
	title={Online and batch learning of pseudo-metrics},
	author={Shalev-Shwartz, Shai and Singer, Yoram and Ng, Andrew Y},
	booktitle={Proceedings of the twenty-first international conference on Machine learning},
	pages={94},
	year={2004},
	organization={ACM}
}

@inproceedings{shalev2007pegasos,
	title={Pegasos: Primal estimated sub-gradient solver for svm},
	author={Shalev-Shwartz, Shai and Singer, Yoram and Srebro, Nathan},
	booktitle={Proceedings of the 24th international conference on Machine learning},
	pages={807--814},
	year={2007},
	organization={ACM}
}

@misc{peters2002timsort,
	title={Timsort},
	author={Peters, Tim},
	year={2002}
}

@inproceedings{lowe1999object,
	title={Object recognition from local scale-invariant features},
	author={Lowe, David G},
	booktitle={Computer vision, 1999. The proceedings of the seventh IEEE international conference on},
	volume={2},
	pages={1150--1157},
	year={1999},
	organization={Ieee}
}