@article{Pulli2012Real-timeOpenCV,
    title = {Real-time computer vision with OpenCV},
    year = {2012},
    journal = {Communications of the ACM},
    author = {Pulli, Kari and Baksheev, Anatoly and Kornyakov, Kirill and Eruhimov, Victor},
    doi = {10.1145/2184319.2184337},
    number = {6},
    month = {6},
    pages = {61},
    volume = {55},
    publisher = {ACM}
}

@inproceedings{Turk1991FaceEigenfaces,
    title = {Face recognition using eigenfaces},
    year = {1991},
    booktitle = {Proceedings of 1991 IEEE Computer Society Conference on Computer Vision and Pattern Recognition},
    author = {Turk, M.A. and Pentland, A.P.},
    doi = {10.1109/CVPR.1991.139758},
    pages = {586--591},
    publisher = {IEEE Comput. Sco. Press}
}

@article{Miller1995WordNet:English,
    title = {WordNet: a lexical database for English},
    year = {1995},
    journal = {Communications of the ACM},
    author = {Miller, George A.},
    doi = {10.1145/219717.219748},
    number = {11},
    month = {11},
    pages = {39--41},
    volume = {38},
    publisher = {ACM}
}